% Different-ography for Complex Network project

@MISC{WEBSITE:pythonarango,
    HOWPUBLISHED = "\url{https://github.com/Joowani/python-arango}",
    AUTHOR       = "joowani",
    TITLE        = "python-arango",
    NOTE         = "Python driver for ArangoDB"
}

@MISC{WEBSITE:arangodb,
    HOWPUBLISHED = "\url{https://www.arangodb.com/}",
    TITLE        = "ArangoDB",
    NOTE         = "open-source multi-model database"
}
